@book{Church,
    author    = {А. Чёрч},
    title     = {Введение в математическую логику},
    publisher = {Издательство иностранной литературы},
    year      = 1960,
    editor    = {В. А. Успенского},
    language  = {russian}
}

@article{Dushkin,
    title    = {Модель типизации Хиндли-Милнера и пример её реализации на языке Haskell},
    author   = {Р. Душкин},
    journal  = {Практика функционального программирования},
    volume   = {5},
    number   = {6},
    pages    = {158--178},
    year     = {2010},
    language = {russian}
}

@book{Kleene,
    author     = {С. К. Клини},
    title      = {Введение в метаматематику},
    publisher  = {Издательство иностранной литературы},
    year       = 1957,
    editor     = {В. А. Успенского},
    translator = {},
    language   = {russian}
}

@book{Kostrikin,
    author    = {А. И. Кострикин},
    title     = {Введение в алгебру. Часть I. Основы алгебры},
    publisher = {ФИЗМАТЛИТ},
    year      = 2004,
    language  = {russian}
}

@book{Pierce,
    author    = {Б. Пирс},
    title     = {Типы в языках программирования},
    publisher = {Издательство <<Лямбда пресс>>: <<Добросвет>>},
    year      = 2011,
    language  = {russian}
}

@book{Plisko,
    author    = {В. Е. Плиско and В. Х. Хаханян},
    title     = {Интуиционистская логика},
    publisher = {Издательствово при мех.-мат. факультете МГУ},
    year      = 2009,
    language  = {russian}
}